<?xml version="1.0" encoding="UTF-8"?><record xmlns="http://www.loc.gov/MARC21/slim" xmlns:cinclude="http://apache.org/cocoon/include/1.0" xmlns:zs="http://www.loc.gov/zing/srw/">
  <leader>00508nz  a2200133n  4500</leader>
  <controlfield tag="001">no2011064762</controlfield>
  <controlfield tag="003">DLC</controlfield>
  <controlfield tag="005">20110427075121.0</controlfield>
  <controlfield tag="008">110425n| acannaabn          |n aaa     c</controlfield>
  <datafield tag="010" ind1=" " ind2=" ">
    <subfield code="a">no2011064762</subfield>
  </datafield>
  <datafield tag="035" ind1=" " ind2=" ">
    <subfield code="a">(OCoLC)oca08838079</subfield>
  </datafield>
  <datafield tag="040" ind1=" " ind2=" ">
    <subfield code="a">MiFliG</subfield>
    <subfield code="b">eng</subfield>
    <subfield code="c">MiFliG</subfield>
  </datafield>
  <datafield tag="100" ind1="1" ind2=" ">
    <subfield code="a">Elward, Richard A.</subfield>
  </datafield>
  <datafield tag="670" ind1=" " ind2=" ">
    <subfield code="a">New Caterpillar heavy-duty 1200-hp planetary design marine transmission, 1969:</subfield>
    <subfield code="b">cover (Richard A. Elward, Senior Design Engineer, Industrial Division, Caterpillar Tractor Co., Peoria, Ill., Assoc. Mem. ASME)</subfield>
  </datafield>
</record>